{
    "symbol": "SAIC",
    "annualReports": [
    {
    "fiscalDateEnding": "2024-02-02",
    "reportedCurrency": "USD",
    "grossProfit": "997000000",
    "totalRevenue": "7569000000",
    "costOfRevenue": "6572000000",
    "costofGoodsAndServicesSold": "6572000000",
    "operatingIncome": "741000000",
    "sellingGeneralAndAdministrative": "373000000",
    "researchAndDevelopment": "4000000",
    "operatingExpenses": "273000000",
    "investmentIncomeNet": "None",
    "netInterestIncome": "-120000000",
    "interestIncome": "-113000000",
    "interestExpense": "7000000",
    "nonInterestIncome": "7689000000",
    "otherNonOperatingIncome": "-1000000",
    "depreciation": "None",
    "depreciationAndAmortization": "142000000",
    "incomeBeforeTax": "620000000",
    "incomeTaxExpense": "143000000",
    "interestAndDebtExpense": "9000000",
    "netIncomeFromContinuingOperations": "477000000",
    "comprehensiveIncomeNetOfTax": "471000000",
    "ebit": "741000000",
    "ebitda": "769000000",
    "netIncome": "477000000"
    },
    {
    "fiscalDateEnding": "2023-02-03",
    "reportedCurrency": "USD",
    "grossProfit": "769000000",
    "totalRevenue": "7585000000",
    "costOfRevenue": "6816000000",
    "costofGoodsAndServicesSold": "6816000000",
    "operatingIncome": "501000000",
    "sellingGeneralAndAdministrative": "374000000",
    "researchAndDevelopment": "1000000",
    "operatingExpenses": "549000000",
    "investmentIncomeNet": "None",
    "netInterestIncome": "-118000000",
    "interestIncome": "2000000",
    "interestExpense": "120000000",
    "nonInterestIncome": "7701000000",
    "otherNonOperatingIncome": "-8000000",
    "depreciation": "None",
    "depreciationAndAmortization": "157000000",
    "incomeBeforeTax": "372000000",
    "incomeTaxExpense": "72000000",
    "interestAndDebtExpense": "12000000",
    "netIncomeFromContinuingOperations": "303000000",
    "comprehensiveIncomeNetOfTax": "359000000",
    "ebit": "492000000",
    "ebitda": "649000000",
    "netIncome": "300000000"
    },
    {
    "fiscalDateEnding": "2022-01-28",
    "reportedCurrency": "USD",
    "grossProfit": "775000000",
    "totalRevenue": "7310000000",
    "costOfRevenue": "6535000000",
    "costofGoodsAndServicesSold": "6535000000",
    "operatingIncome": "462000000",
    "sellingGeneralAndAdministrative": "344000000",
    "researchAndDevelopment": "4000000",
    "operatingExpenses": "585000000",
    "investmentIncomeNet": "None",
    "netInterestIncome": "-105000000",
    "interestIncome": "None",
    "interestExpense": "105000000",
    "nonInterestIncome": "7396000000",
    "otherNonOperatingIncome": "1000000",
    "depreciation": "None",
    "depreciationAndAmortization": "165000000",
    "incomeBeforeTax": "356000000",
    "incomeTaxExpense": "79000000",
    "interestAndDebtExpense": "105000000",
    "netIncomeFromContinuingOperations": "279000000",
    "comprehensiveIncomeNetOfTax": "329000000",
    "ebit": "461000000",
    "ebitda": "626000000",
    "netIncome": "277000000"
    },
    {
    "fiscalDateEnding": "2021-01-29",
    "reportedCurrency": "USD",
    "grossProfit": "702000000",
    "totalRevenue": "6966000000",
    "costOfRevenue": "6264000000",
    "costofGoodsAndServicesSold": "6264000000",
    "operatingIncome": "390000000",
    "sellingGeneralAndAdministrative": "352000000",
    "researchAndDevelopment": "6000000",
    "operatingExpenses": "604000000",
    "investmentIncomeNet": "None",
    "netInterestIncome": "-122000000",
    "interestIncome": "None",
    "interestExpense": "122000000",
    "nonInterestIncome": "7046000000",
    "otherNonOperatingIncome": "3000000",
    "depreciation": "None",
    "depreciationAndAmortization": "179000000",
    "incomeBeforeTax": "269000000",
    "incomeTaxExpense": "60000000",
    "interestAndDebtExpense": "122000000",
    "netIncomeFromContinuingOperations": "211000000",
    "comprehensiveIncomeNetOfTax": "192000000",
    "ebit": "391000000",
    "ebitda": "570000000",
    "netIncome": "209000000"
    },
    {
    "fiscalDateEnding": "2020-01-31",
    "reportedCurrency": "USD",
    "grossProfit": "619000000",
    "totalRevenue": "6292000000",
    "costOfRevenue": "5673000000",
    "costofGoodsAndServicesSold": "26000000",
    "operatingIncome": "370000000",
    "sellingGeneralAndAdministrative": "288000000",
    "researchAndDevelopment": "7000000",
    "operatingExpenses": "497000000",
    "investmentIncomeNet": "None",
    "netInterestIncome": "-90000000",
    "interestIncome": "90000000",
    "interestExpense": "90000000",
    "nonInterestIncome": "6379000000",
    "otherNonOperatingIncome": "6000000",
    "depreciation": "None",
    "depreciationAndAmortization": "131000000",
    "incomeBeforeTax": "283000000",
    "incomeTaxExpense": "57000000",
    "interestAndDebtExpense": "90000000",
    "netIncomeFromContinuingOperations": "229000000",
    "comprehensiveIncomeNetOfTax": "168000000",
    "ebit": "373000000",
    "ebitda": "504000000",
    "netIncome": "226000000"
    },
    {
    "fiscalDateEnding": "2019-02-01",
    "reportedCurrency": "USD",
    "grossProfit": "407000000",
    "totalRevenue": "4602000000",
    "costOfRevenue": "4195000000",
    "costofGoodsAndServicesSold": "26000000",
    "operatingIncome": "220000000",
    "sellingGeneralAndAdministrative": "158000000",
    "researchAndDevelopment": "5000000",
    "operatingExpenses": "327000000",
    "investmentIncomeNet": "None",
    "netInterestIncome": "-53000000",
    "interestIncome": "None",
    "interestExpense": "53000000",
    "nonInterestIncome": "4655000000",
    "otherNonOperatingIncome": "3000000",
    "depreciation": "None",
    "depreciationAndAmortization": "47000000",
    "incomeBeforeTax": "170000000",
    "incomeTaxExpense": "33000000",
    "interestAndDebtExpense": "57000000",
    "netIncomeFromContinuingOperations": "137000000",
    "comprehensiveIncomeNetOfTax": "119000000",
    "ebit": "223000000",
    "ebitda": "270000000",
    "netIncome": "137000000"
    },
    {
    "fiscalDateEnding": "2018-02-02",
    "reportedCurrency": "USD",
    "grossProfit": "411000000",
    "totalRevenue": "4454000000",
    "costOfRevenue": "4043000000",
    "costofGoodsAndServicesSold": "4043000000",
    "operatingIncome": "256000000",
    "sellingGeneralAndAdministrative": "155000000",
    "researchAndDevelopment": "4000000",
    "operatingExpenses": "205000000",
    "investmentIncomeNet": "None",
    "netInterestIncome": "-44000000",
    "interestIncome": "None",
    "interestExpense": "44000000",
    "nonInterestIncome": "4454000000",
    "otherNonOperatingIncome": "2000000",
    "depreciation": "None",
    "depreciationAndAmortization": "46000000",
    "incomeBeforeTax": "214000000",
    "incomeTaxExpense": "35000000",
    "interestAndDebtExpense": "44000000",
    "netIncomeFromContinuingOperations": "179000000",
    "comprehensiveIncomeNetOfTax": "184000000",
    "ebit": "258000000",
    "ebitda": "304000000",
    "netIncome": "179000000"
    },
    {
    "fiscalDateEnding": "2017-02-03",
    "reportedCurrency": "USD",
    "grossProfit": "439000000",
    "totalRevenue": "4442000000",
    "costOfRevenue": "4003000000",
    "costofGoodsAndServicesSold": "4003000000",
    "operatingIncome": "263000000",
    "sellingGeneralAndAdministrative": "166000000",
    "researchAndDevelopment": "4000000",
    "operatingExpenses": "234000000",
    "investmentIncomeNet": "None",
    "netInterestIncome": "-52000000",
    "interestIncome": "None",
    "interestExpense": "52000000",
    "nonInterestIncome": "-3000000",
    "otherNonOperatingIncome": "1000000",
    "depreciation": "None",
    "depreciationAndAmortization": "53000000",
    "incomeBeforeTax": "212000000",
    "incomeTaxExpense": "69000000",
    "interestAndDebtExpense": "54000000",
    "netIncomeFromContinuingOperations": "143000000",
    "comprehensiveIncomeNetOfTax": "150000000",
    "ebit": "264000000",
    "ebitda": "317000000",
    "netIncome": "143000000"
    },
    {
    "fiscalDateEnding": "2016-01-29",
    "reportedCurrency": "USD",
    "grossProfit": "411000000",
    "totalRevenue": "4315000000",
    "costOfRevenue": "3904000000",
    "costofGoodsAndServicesSold": "3904000000",
    "operatingIncome": "227000000",
    "sellingGeneralAndAdministrative": "184000000",
    "researchAndDevelopment": "4000000",
    "operatingExpenses": "251000000",
    "investmentIncomeNet": "None",
    "netInterestIncome": "-44000000",
    "interestIncome": "44000000",
    "interestExpense": "44000000",
    "nonInterestIncome": "-1000000",
    "otherNonOperatingIncome": "0",
    "depreciation": "None",
    "depreciationAndAmortization": "62000000",
    "incomeBeforeTax": "183000000",
    "incomeTaxExpense": "66000000",
    "interestAndDebtExpense": "44000000",
    "netIncomeFromContinuingOperations": "117000000",
    "comprehensiveIncomeNetOfTax": "113000000",
    "ebit": "227000000",
    "ebitda": "289000000",
    "netIncome": "117000000"
    },
    {
    "fiscalDateEnding": "2015-01-30",
    "reportedCurrency": "USD",
    "grossProfit": "335000000",
    "totalRevenue": "3885000000",
    "costOfRevenue": "3550000000",
    "costofGoodsAndServicesSold": "3550000000",
    "operatingIncome": "240000000",
    "sellingGeneralAndAdministrative": "95000000",
    "researchAndDevelopment": "5000000",
    "operatingExpenses": "121000000",
    "investmentIncomeNet": "None",
    "netInterestIncome": "-17000000",
    "interestIncome": "None",
    "interestExpense": "17000000",
    "nonInterestIncome": "0",
    "otherNonOperatingIncome": "0",
    "depreciation": "None",
    "depreciationAndAmortization": "21000000",
    "incomeBeforeTax": "223000000",
    "incomeTaxExpense": "82000000",
    "interestAndDebtExpense": "17000000",
    "netIncomeFromContinuingOperations": "141000000",
    "comprehensiveIncomeNetOfTax": "138000000",
    "ebit": "240000000",
    "ebitda": "261000000",
    "netIncome": "141000000"
    },
    {
    "fiscalDateEnding": "2014-01-31",
    "reportedCurrency": "USD",
    "grossProfit": "4017000000",
    "totalRevenue": "4121000000",
    "costOfRevenue": "104000000",
    "costofGoodsAndServicesSold": "3788000000",
    "operatingIncome": "183000000",
    "sellingGeneralAndAdministrative": "92000000",
    "researchAndDevelopment": "4000000",
    "operatingExpenses": "213000000",
    "investmentIncomeNet": "None",
    "netInterestIncome": "-7000000",
    "interestIncome": "None",
    "interestExpense": "7000000",
    "nonInterestIncome": "None",
    "otherNonOperatingIncome": "None",
    "depreciation": "11000000",
    "depreciationAndAmortization": "13000000",
    "incomeBeforeTax": "176000000",
    "incomeTaxExpense": "63000000",
    "interestAndDebtExpense": "7000000",
    "netIncomeFromContinuingOperations": "113000000",
    "comprehensiveIncomeNetOfTax": "111000000",
    "ebit": "183000000",
    "ebitda": "196000000",
    "netIncome": "113000000"
    }
    ],
    "quarterlyReports": [
    {
    "fiscalDateEnding": "2024-02-02",
    "reportedCurrency": "USD",
    "grossProfit": "317000000",
    "totalRevenue": "1862000000",
    "costOfRevenue": "1545000000",
    "costofGoodsAndServicesSold": "1545000000",
    "operatingIncome": "79000000",
    "sellingGeneralAndAdministrative": "114000000",
    "researchAndDevelopment": "None",
    "operatingExpenses": "149000000",
    "investmentIncomeNet": "None",
    "netInterestIncome": "-23000000",
    "interestIncome": "-113000000",
    "interestExpense": "-90000000",
    "nonInterestIncome": "1735000000",
    "otherNonOperatingIncome": "-8000000",
    "depreciation": "None",
    "depreciationAndAmortization": "36000000",
    "incomeBeforeTax": "48000000",
    "incomeTaxExpense": "9000000",
    "interestAndDebtExpense": "-88000000",
    "netIncomeFromContinuingOperations": "39000000",
    "comprehensiveIncomeNetOfTax": "35000000",
    "ebit": "79000000",
    "ebitda": "-6000000",
    "netIncome": "39000000"
    },
    {
    "fiscalDateEnding": "2023-11-03",
    "reportedCurrency": "USD",
    "grossProfit": "229000000",
    "totalRevenue": "1895000000",
    "costOfRevenue": "1666000000",
    "costofGoodsAndServicesSold": "1666000000",
    "operatingIncome": "143000000",
    "sellingGeneralAndAdministrative": "87000000",
    "researchAndDevelopment": "None",
    "operatingExpenses": "118000000",
    "investmentIncomeNet": "None",
    "netInterestIncome": "-31000000",
    "interestIncome": "None",
    "interestExpense": "31000000",
    "nonInterestIncome": "1895000000",
    "otherNonOperatingIncome": "2000000",
    "depreciation": "None",
    "depreciationAndAmortization": "34000000",
    "incomeBeforeTax": "114000000",
    "incomeTaxExpense": "21000000",
    "interestAndDebtExpense": "31000000",
    "netIncomeFromContinuingOperations": "93000000",
    "comprehensiveIncomeNetOfTax": "90000000",
    "ebit": "145000000",
    "ebitda": "179000000",
    "netIncome": "93000000"
    },
    {
    "fiscalDateEnding": "2023-08-04",
    "reportedCurrency": "USD",
    "grossProfit": "216000000",
    "totalRevenue": "1784000000",
    "costOfRevenue": "1568000000",
    "costofGoodsAndServicesSold": "1568000000",
    "operatingIncome": "362000000",
    "sellingGeneralAndAdministrative": "88000000",
    "researchAndDevelopment": "None",
    "operatingExpenses": "123000000",
    "investmentIncomeNet": "None",
    "netInterestIncome": "-33000000",
    "interestIncome": "None",
    "interestExpense": "33000000",
    "nonInterestIncome": "1784000000",
    "otherNonOperatingIncome": "6000000",
    "depreciation": "None",
    "depreciationAndAmortization": "36000000",
    "incomeBeforeTax": "335000000",
    "incomeTaxExpense": "88000000",
    "interestAndDebtExpense": "33000000",
    "netIncomeFromContinuingOperations": "247000000",
    "comprehensiveIncomeNetOfTax": "254000000",
    "ebit": "368000000",
    "ebitda": "404000000",
    "netIncome": "247000000"
    },
    {
    "fiscalDateEnding": "2023-05-05",
    "reportedCurrency": "USD",
    "grossProfit": "235000000",
    "totalRevenue": "2028000000",
    "costOfRevenue": "1793000000",
    "costofGoodsAndServicesSold": "1793000000",
    "operatingIncome": "157000000",
    "sellingGeneralAndAdministrative": "84000000",
    "researchAndDevelopment": "None",
    "operatingExpenses": "78000000",
    "investmentIncomeNet": "None",
    "netInterestIncome": "-33000000",
    "interestIncome": "None",
    "interestExpense": "33000000",
    "nonInterestIncome": "None",
    "otherNonOperatingIncome": "-1000000",
    "depreciation": "None",
    "depreciationAndAmortization": "36000000",
    "incomeBeforeTax": "123000000",
    "incomeTaxExpense": "25000000",
    "interestAndDebtExpense": "None",
    "netIncomeFromContinuingOperations": "123000000",
    "comprehensiveIncomeNetOfTax": "92000000",
    "ebit": "156000000",
    "ebitda": "192000000",
    "netIncome": "98000000"
    },
    {
    "fiscalDateEnding": "2023-02-03",
    "reportedCurrency": "USD",
    "grossProfit": "103000000",
    "totalRevenue": "1849000000",
    "costOfRevenue": "1746000000",
    "costofGoodsAndServicesSold": "1746000000",
    "operatingIncome": "118000000",
    "sellingGeneralAndAdministrative": "102000000",
    "researchAndDevelopment": "1000000",
    "operatingExpenses": "141000000",
    "investmentIncomeNet": "None",
    "netInterestIncome": "-31000000",
    "interestIncome": "2000000",
    "interestExpense": "33000000",
    "nonInterestIncome": "1965000000",
    "otherNonOperatingIncome": "0",
    "depreciation": "None",
    "depreciationAndAmortization": "39000000",
    "incomeBeforeTax": "84000000",
    "incomeTaxExpense": "10000000",
    "interestAndDebtExpense": "-75000000",
    "netIncomeFromContinuingOperations": "75000000",
    "comprehensiveIncomeNetOfTax": "70000000",
    "ebit": "117000000",
    "ebitda": "156000000",
    "netIncome": "74000000"
    },
    {
    "fiscalDateEnding": "2022-10-28",
    "reportedCurrency": "USD",
    "grossProfit": "221000000",
    "totalRevenue": "1909000000",
    "costOfRevenue": "1688000000",
    "costofGoodsAndServicesSold": "1688000000",
    "operatingIncome": "133000000",
    "sellingGeneralAndAdministrative": "87000000",
    "researchAndDevelopment": "None",
    "operatingExpenses": "122000000",
    "investmentIncomeNet": "None",
    "netInterestIncome": "-30000000",
    "interestIncome": "None",
    "interestExpense": "30000000",
    "nonInterestIncome": "1909000000",
    "otherNonOperatingIncome": "-3000000",
    "depreciation": "None",
    "depreciationAndAmortization": "37000000",
    "incomeBeforeTax": "100000000",
    "incomeTaxExpense": "20000000",
    "interestAndDebtExpense": "30000000",
    "netIncomeFromContinuingOperations": "80000000",
    "comprehensiveIncomeNetOfTax": "109000000",
    "ebit": "130000000",
    "ebitda": "167000000",
    "netIncome": "80000000"
    },
    {
    "fiscalDateEnding": "2022-07-29",
    "reportedCurrency": "USD",
    "grossProfit": "219000000",
    "totalRevenue": "1831000000",
    "costOfRevenue": "1612000000",
    "costofGoodsAndServicesSold": "1612000000",
    "operatingIncome": "125000000",
    "sellingGeneralAndAdministrative": "93000000",
    "researchAndDevelopment": "None",
    "operatingExpenses": "128000000",
    "investmentIncomeNet": "None",
    "netInterestIncome": "-30000000",
    "interestIncome": "None",
    "interestExpense": "30000000",
    "nonInterestIncome": "1831000000",
    "otherNonOperatingIncome": "0",
    "depreciation": "None",
    "depreciationAndAmortization": "40000000",
    "incomeBeforeTax": "94000000",
    "incomeTaxExpense": "21000000",
    "interestAndDebtExpense": "30000000",
    "netIncomeFromContinuingOperations": "74000000",
    "comprehensiveIncomeNetOfTax": "70000000",
    "ebit": "124000000",
    "ebitda": "164000000",
    "netIncome": "73000000"
    },
    {
    "fiscalDateEnding": "2022-04-29",
    "reportedCurrency": "USD",
    "grossProfit": "226000000",
    "totalRevenue": "1996000000",
    "costOfRevenue": "1770000000",
    "costofGoodsAndServicesSold": "1770000000",
    "operatingIncome": "125000000",
    "sellingGeneralAndAdministrative": "92000000",
    "researchAndDevelopment": "None",
    "operatingExpenses": "142000000",
    "investmentIncomeNet": "None",
    "netInterestIncome": "-27000000",
    "interestIncome": "None",
    "interestExpense": "27000000",
    "nonInterestIncome": "1996000000",
    "otherNonOperatingIncome": "-3000000",
    "depreciation": "None",
    "depreciationAndAmortization": "41000000",
    "incomeBeforeTax": "94000000",
    "incomeTaxExpense": "21000000",
    "interestAndDebtExpense": "27000000",
    "netIncomeFromContinuingOperations": "74000000",
    "comprehensiveIncomeNetOfTax": "110000000",
    "ebit": "121000000",
    "ebitda": "162000000",
    "netIncome": "73000000"
    },
    {
    "fiscalDateEnding": "2022-01-28",
    "reportedCurrency": "USD",
    "grossProfit": "113000000",
    "totalRevenue": "1698000000",
    "costOfRevenue": "1585000000",
    "costofGoodsAndServicesSold": "1585000000",
    "operatingIncome": "85000000",
    "sellingGeneralAndAdministrative": "92000000",
    "researchAndDevelopment": "None",
    "operatingExpenses": "176000000",
    "investmentIncomeNet": "None",
    "netInterestIncome": "-26000000",
    "interestIncome": "None",
    "interestExpense": "26000000",
    "nonInterestIncome": "1782000000",
    "otherNonOperatingIncome": "-2000000",
    "depreciation": "None",
    "depreciationAndAmortization": "42000000",
    "incomeBeforeTax": "56000000",
    "incomeTaxExpense": "13000000",
    "interestAndDebtExpense": "26000000",
    "netIncomeFromContinuingOperations": "44000000",
    "comprehensiveIncomeNetOfTax": "63000000",
    "ebit": "82000000",
    "ebitda": "124000000",
    "netIncome": "43000000"
    },
    {
    "fiscalDateEnding": "2021-10-29",
    "reportedCurrency": "USD",
    "grossProfit": "213000000",
    "totalRevenue": "1898000000",
    "costOfRevenue": "1685000000",
    "costofGoodsAndServicesSold": "1685000000",
    "operatingIncome": "114000000",
    "sellingGeneralAndAdministrative": "87000000",
    "researchAndDevelopment": "None",
    "operatingExpenses": "132000000",
    "investmentIncomeNet": "None",
    "netInterestIncome": "-26000000",
    "interestIncome": "None",
    "interestExpense": "26000000",
    "nonInterestIncome": "1898000000",
    "otherNonOperatingIncome": "0",
    "depreciation": "None",
    "depreciationAndAmortization": "44000000",
    "incomeBeforeTax": "88000000",
    "incomeTaxExpense": "17000000",
    "interestAndDebtExpense": "26000000",
    "netIncomeFromContinuingOperations": "71000000",
    "comprehensiveIncomeNetOfTax": "88000000",
    "ebit": "114000000",
    "ebitda": "158000000",
    "netIncome": "71000000"
    },
    {
    "fiscalDateEnding": "2021-07-30",
    "reportedCurrency": "USD",
    "grossProfit": "232000000",
    "totalRevenue": "1836000000",
    "costOfRevenue": "1604000000",
    "costofGoodsAndServicesSold": "1604000000",
    "operatingIncome": "133000000",
    "sellingGeneralAndAdministrative": "85000000",
    "researchAndDevelopment": "None",
    "operatingExpenses": "128000000",
    "investmentIncomeNet": "None",
    "netInterestIncome": "-26000000",
    "interestIncome": "None",
    "interestExpense": "26000000",
    "nonInterestIncome": "1836000000",
    "otherNonOperatingIncome": "1000000",
    "depreciation": "None",
    "depreciationAndAmortization": "37000000",
    "incomeBeforeTax": "108000000",
    "incomeTaxExpense": "26000000",
    "interestAndDebtExpense": "26000000",
    "netIncomeFromContinuingOperations": "82000000",
    "comprehensiveIncomeNetOfTax": "83000000",
    "ebit": "134000000",
    "ebitda": "171000000",
    "netIncome": "82000000"
    },
    {
    "fiscalDateEnding": "2021-04-30",
    "reportedCurrency": "USD",
    "grossProfit": "217000000",
    "totalRevenue": "1878000000",
    "costOfRevenue": "1661000000",
    "costofGoodsAndServicesSold": "1661000000",
    "operatingIncome": "130000000",
    "sellingGeneralAndAdministrative": "80000000",
    "researchAndDevelopment": "None",
    "operatingExpenses": "129000000",
    "investmentIncomeNet": "None",
    "netInterestIncome": "-27000000",
    "interestIncome": "None",
    "interestExpense": "27000000",
    "nonInterestIncome": "1881000000",
    "otherNonOperatingIncome": "2000000",
    "depreciation": "None",
    "depreciationAndAmortization": "42000000",
    "incomeBeforeTax": "104000000",
    "incomeTaxExpense": "23000000",
    "interestAndDebtExpense": "27000000",
    "netIncomeFromContinuingOperations": "82000000",
    "comprehensiveIncomeNetOfTax": "95000000",
    "ebit": "131000000",
    "ebitda": "173000000",
    "netIncome": "81000000"
    },
    {
    "fiscalDateEnding": "2021-01-29",
    "reportedCurrency": "USD",
    "grossProfit": "1000000",
    "totalRevenue": "1627000000",
    "costOfRevenue": "1517000000",
    "costofGoodsAndServicesSold": "1517000000",
    "operatingIncome": "102000000",
    "sellingGeneralAndAdministrative": "91000000",
    "researchAndDevelopment": "None",
    "operatingExpenses": "-1000000",
    "investmentIncomeNet": "None",
    "netInterestIncome": "-27000000",
    "interestIncome": "None",
    "interestExpense": "27000000",
    "nonInterestIncome": "1717000000",
    "otherNonOperatingIncome": "3000000",
    "depreciation": "None",
    "depreciationAndAmortization": "48000000",
    "incomeBeforeTax": "79000000",
    "incomeTaxExpense": "17000000",
    "interestAndDebtExpense": "27000000",
    "netIncomeFromContinuingOperations": "2000000",
    "comprehensiveIncomeNetOfTax": "71000000",
    "ebit": "106000000",
    "ebitda": "154000000",
    "netIncome": "62000000"
    },
    {
    "fiscalDateEnding": "2020-10-30",
    "reportedCurrency": "USD",
    "grossProfit": "209000000",
    "totalRevenue": "1818000000",
    "costOfRevenue": "1609000000",
    "costofGoodsAndServicesSold": "1609000000",
    "operatingIncome": "110000000",
    "sellingGeneralAndAdministrative": "96000000",
    "researchAndDevelopment": "None",
    "operatingExpenses": "139000000",
    "investmentIncomeNet": "None",
    "netInterestIncome": "-32000000",
    "interestIncome": "None",
    "interestExpense": "32000000",
    "nonInterestIncome": "1818000000",
    "otherNonOperatingIncome": "0",
    "depreciation": "None",
    "depreciationAndAmortization": "48000000",
    "incomeBeforeTax": "78000000",
    "incomeTaxExpense": "18000000",
    "interestAndDebtExpense": "32000000",
    "netIncomeFromContinuingOperations": "60000000",
    "comprehensiveIncomeNetOfTax": "71000000",
    "ebit": "110000000",
    "ebitda": "158000000",
    "netIncome": "60000000"
    },
    {
    "fiscalDateEnding": "2020-07-31",
    "reportedCurrency": "USD",
    "grossProfit": "200000000",
    "totalRevenue": "1764000000",
    "costOfRevenue": "1564000000",
    "costofGoodsAndServicesSold": "1564000000",
    "operatingIncome": "100000000",
    "sellingGeneralAndAdministrative": "89000000",
    "researchAndDevelopment": "None",
    "operatingExpenses": "146000000",
    "investmentIncomeNet": "None",
    "netInterestIncome": "-32000000",
    "interestIncome": "None",
    "interestExpense": "32000000",
    "nonInterestIncome": "1764000000",
    "otherNonOperatingIncome": "2000000",
    "depreciation": "None",
    "depreciationAndAmortization": "50000000",
    "incomeBeforeTax": "68000000",
    "incomeTaxExpense": "17000000",
    "interestAndDebtExpense": "32000000",
    "netIncomeFromContinuingOperations": "53000000",
    "comprehensiveIncomeNetOfTax": "50000000",
    "ebit": "100000000",
    "ebitda": "150000000",
    "netIncome": "51000000"
    },
    {
    "fiscalDateEnding": "2020-05-01",
    "reportedCurrency": "USD",
    "grossProfit": "183000000",
    "totalRevenue": "1757000000",
    "costOfRevenue": "1574000000",
    "costofGoodsAndServicesSold": "1574000000",
    "operatingIncome": "78000000",
    "sellingGeneralAndAdministrative": "76000000",
    "researchAndDevelopment": "None",
    "operatingExpenses": "138000000",
    "investmentIncomeNet": "None",
    "netInterestIncome": "-31000000",
    "interestIncome": "None",
    "interestExpense": "31000000",
    "nonInterestIncome": "1757000000",
    "otherNonOperatingIncome": "-2000000",
    "depreciation": "None",
    "depreciationAndAmortization": "33000000",
    "incomeBeforeTax": "44000000",
    "incomeTaxExpense": "8000000",
    "interestAndDebtExpense": "31000000",
    "netIncomeFromContinuingOperations": "37000000",
    "comprehensiveIncomeNetOfTax": "0",
    "ebit": "75000000",
    "ebitda": "108000000",
    "netIncome": "36000000"
    },
    {
    "fiscalDateEnding": "2020-01-31",
    "reportedCurrency": "USD",
    "grossProfit": "1540000000",
    "totalRevenue": "1540000000",
    "costOfRevenue": "1373000000",
    "costofGoodsAndServicesSold": "1373000000",
    "operatingIncome": "88000000",
    "sellingGeneralAndAdministrative": "61000000",
    "researchAndDevelopment": "None",
    "operatingExpenses": "142000000",
    "investmentIncomeNet": "None",
    "netInterestIncome": "-21000000",
    "interestIncome": "21000000",
    "interestExpense": "21000000",
    "nonInterestIncome": "1540000000",
    "otherNonOperatingIncome": "2000000",
    "depreciation": "None",
    "depreciationAndAmortization": "33000000",
    "incomeBeforeTax": "69000000",
    "incomeTaxExpense": "9000000",
    "interestAndDebtExpense": "21000000",
    "netIncomeFromContinuingOperations": "88000000",
    "comprehensiveIncomeNetOfTax": "49000000",
    "ebit": "90000000",
    "ebitda": "123000000",
    "netIncome": "60000000"
    },
    {
    "fiscalDateEnding": "2019-11-01",
    "reportedCurrency": "USD",
    "grossProfit": "174000000",
    "totalRevenue": "1630000000",
    "costOfRevenue": "1456000000",
    "costofGoodsAndServicesSold": "1456000000",
    "operatingIncome": "94000000",
    "sellingGeneralAndAdministrative": "68000000",
    "researchAndDevelopment": "None",
    "operatingExpenses": "104000000",
    "investmentIncomeNet": "None",
    "netInterestIncome": "-22000000",
    "interestIncome": "None",
    "interestExpense": "22000000",
    "nonInterestIncome": "1630000000",
    "otherNonOperatingIncome": "1000000",
    "depreciation": "None",
    "depreciationAndAmortization": "32000000",
    "incomeBeforeTax": "72000000",
    "incomeTaxExpense": "17000000",
    "interestAndDebtExpense": "22000000",
    "netIncomeFromContinuingOperations": "94000000",
    "comprehensiveIncomeNetOfTax": "52000000",
    "ebit": "94000000",
    "ebitda": "126000000",
    "netIncome": "55000000"
    },
    {
    "fiscalDateEnding": "2019-08-02",
    "reportedCurrency": "USD",
    "grossProfit": "185000000",
    "totalRevenue": "1594000000",
    "costOfRevenue": "1409000000",
    "costofGoodsAndServicesSold": "1409000000",
    "operatingIncome": "95000000",
    "sellingGeneralAndAdministrative": "82000000",
    "researchAndDevelopment": "None",
    "operatingExpenses": "114000000",
    "investmentIncomeNet": "None",
    "netInterestIncome": "-22000000",
    "interestIncome": "None",
    "interestExpense": "22000000",
    "nonInterestIncome": "1594000000",
    "otherNonOperatingIncome": "1000000",
    "depreciation": "None",
    "depreciationAndAmortization": "33000000",
    "incomeBeforeTax": "74000000",
    "incomeTaxExpense": "17000000",
    "interestAndDebtExpense": "22000000",
    "netIncomeFromContinuingOperations": "95000000",
    "comprehensiveIncomeNetOfTax": "22000000",
    "ebit": "96000000",
    "ebitda": "129000000",
    "netIncome": "57000000"
    },
    {
    "fiscalDateEnding": "2019-05-03",
    "reportedCurrency": "USD",
    "grossProfit": "180000000",
    "totalRevenue": "1615000000",
    "costOfRevenue": "1435000000",
    "costofGoodsAndServicesSold": "1435000000",
    "operatingIncome": "93000000",
    "sellingGeneralAndAdministrative": "77000000",
    "researchAndDevelopment": "None",
    "operatingExpenses": "124000000",
    "investmentIncomeNet": "None",
    "netInterestIncome": "-25000000",
    "interestIncome": "None",
    "interestExpense": "25000000",
    "nonInterestIncome": "1615000000",
    "otherNonOperatingIncome": "2000000",
    "depreciation": "None",
    "depreciationAndAmortization": "33000000",
    "incomeBeforeTax": "69000000",
    "incomeTaxExpense": "14000000",
    "interestAndDebtExpense": "25000000",
    "netIncomeFromContinuingOperations": "93000000",
    "comprehensiveIncomeNetOfTax": "45000000",
    "ebit": "94000000",
    "ebitda": "127000000",
    "netIncome": "55000000"
    },
    {
    "fiscalDateEnding": "2019-02-01",
    "reportedCurrency": "USD",
    "grossProfit": "1192000000",
    "totalRevenue": "1192000000",
    "costOfRevenue": "1070000000",
    "costofGoodsAndServicesSold": "1000000",
    "operatingIncome": "7000000",
    "sellingGeneralAndAdministrative": "43000000",
    "researchAndDevelopment": "5000000",
    "operatingExpenses": "179000000",
    "investmentIncomeNet": "None",
    "netInterestIncome": "-15000000",
    "interestIncome": "None",
    "interestExpense": "15000000",
    "nonInterestIncome": "1192000000",
    "otherNonOperatingIncome": "1000000",
    "depreciation": "None",
    "depreciationAndAmortization": "14000000",
    "incomeBeforeTax": "-7000000",
    "incomeTaxExpense": "2000000",
    "interestAndDebtExpense": "23000000",
    "netIncomeFromContinuingOperations": "7000000",
    "comprehensiveIncomeNetOfTax": "-28000000",
    "ebit": "8000000",
    "ebitda": "22000000",
    "netIncome": "-9000000"
    },
    {
    "fiscalDateEnding": "2018-11-02",
    "reportedCurrency": "USD",
    "grossProfit": "129000000",
    "totalRevenue": "1177000000",
    "costOfRevenue": "1048000000",
    "costofGoodsAndServicesSold": "1048000000",
    "operatingIncome": "73000000",
    "sellingGeneralAndAdministrative": "42000000",
    "researchAndDevelopment": "None",
    "operatingExpenses": "42000000",
    "investmentIncomeNet": "None",
    "netInterestIncome": "-16000000",
    "interestIncome": "None",
    "interestExpense": "16000000",
    "nonInterestIncome": "1177000000",
    "otherNonOperatingIncome": "1000000",
    "depreciation": "None",
    "depreciationAndAmortization": "11000000",
    "incomeBeforeTax": "58000000",
    "incomeTaxExpense": "10000000",
    "interestAndDebtExpense": "16000000",
    "netIncomeFromContinuingOperations": "73000000",
    "comprehensiveIncomeNetOfTax": "49000000",
    "ebit": "74000000",
    "ebitda": "85000000",
    "netIncome": "48000000"
    },
    {
    "fiscalDateEnding": "2018-08-03",
    "reportedCurrency": "USD",
    "grossProfit": "112000000",
    "totalRevenue": "1115000000",
    "costOfRevenue": "1003000000",
    "costofGoodsAndServicesSold": "1003000000",
    "operatingIncome": "74000000",
    "sellingGeneralAndAdministrative": "38000000",
    "researchAndDevelopment": "None",
    "operatingExpenses": "38000000",
    "investmentIncomeNet": "None",
    "netInterestIncome": "-10000000",
    "interestIncome": "None",
    "interestExpense": "10000000",
    "nonInterestIncome": "1115000000",
    "otherNonOperatingIncome": "0",
    "depreciation": "None",
    "depreciationAndAmortization": "11000000",
    "incomeBeforeTax": "64000000",
    "incomeTaxExpense": "15000000",
    "interestAndDebtExpense": "10000000",
    "netIncomeFromContinuingOperations": "74000000",
    "comprehensiveIncomeNetOfTax": "48000000",
    "ebit": "74000000",
    "ebitda": "85000000",
    "netIncome": "49000000"
    },
    {
    "fiscalDateEnding": "2018-05-04",
    "reportedCurrency": "USD",
    "grossProfit": "101000000",
    "totalRevenue": "1175000000",
    "costOfRevenue": "1074000000",
    "costofGoodsAndServicesSold": "1074000000",
    "operatingIncome": "66000000",
    "sellingGeneralAndAdministrative": "35000000",
    "researchAndDevelopment": "None",
    "operatingExpenses": "46000000",
    "investmentIncomeNet": "None",
    "netInterestIncome": "-12000000",
    "interestIncome": "None",
    "interestExpense": "12000000",
    "nonInterestIncome": "1175000000",
    "otherNonOperatingIncome": "1000000",
    "depreciation": "None",
    "depreciationAndAmortization": "11000000",
    "incomeBeforeTax": "55000000",
    "incomeTaxExpense": "6000000",
    "interestAndDebtExpense": "12000000",
    "netIncomeFromContinuingOperations": "66000000",
    "comprehensiveIncomeNetOfTax": "50000000",
    "ebit": "67000000",
    "ebitda": "78000000",
    "netIncome": "49000000"
    },
    {
    "fiscalDateEnding": "2018-02-02",
    "reportedCurrency": "USD",
    "grossProfit": "107000000",
    "totalRevenue": "1128000000",
    "costOfRevenue": "1021000000",
    "costofGoodsAndServicesSold": "1021000000",
    "operatingIncome": "62000000",
    "sellingGeneralAndAdministrative": "45000000",
    "researchAndDevelopment": "4000000",
    "operatingExpenses": "62000000",
    "investmentIncomeNet": "None",
    "netInterestIncome": "-12000000",
    "interestIncome": "None",
    "interestExpense": "12000000",
    "nonInterestIncome": "1128000000",
    "otherNonOperatingIncome": "1000000",
    "depreciation": "None",
    "depreciationAndAmortization": "13000000",
    "incomeBeforeTax": "51000000",
    "incomeTaxExpense": "0",
    "interestAndDebtExpense": "12000000",
    "netIncomeFromContinuingOperations": "62000000",
    "comprehensiveIncomeNetOfTax": "54000000",
    "ebit": "63000000",
    "ebitda": "76000000",
    "netIncome": "51000000"
    },
    {
    "fiscalDateEnding": "2017-11-03",
    "reportedCurrency": "USD",
    "grossProfit": "109000000",
    "totalRevenue": "1145000000",
    "costOfRevenue": "1036000000",
    "costofGoodsAndServicesSold": "1036000000",
    "operatingIncome": "72000000",
    "sellingGeneralAndAdministrative": "37000000",
    "researchAndDevelopment": "None",
    "operatingExpenses": "37000000",
    "investmentIncomeNet": "None",
    "netInterestIncome": "-11000000",
    "interestIncome": "None",
    "interestExpense": "11000000",
    "nonInterestIncome": "1145000000",
    "otherNonOperatingIncome": "1000000",
    "depreciation": "None",
    "depreciationAndAmortization": "11000000",
    "incomeBeforeTax": "62000000",
    "incomeTaxExpense": "19000000",
    "interestAndDebtExpense": "11000000",
    "netIncomeFromContinuingOperations": "72000000",
    "comprehensiveIncomeNetOfTax": "44000000",
    "ebit": "73000000",
    "ebitda": "84000000",
    "netIncome": "43000000"
    },
    {
    "fiscalDateEnding": "2017-08-04",
    "reportedCurrency": "USD",
    "grossProfit": "99000000",
    "totalRevenue": "1078000000",
    "costOfRevenue": "979000000",
    "costofGoodsAndServicesSold": "979000000",
    "operatingIncome": "59000000",
    "sellingGeneralAndAdministrative": "40000000",
    "researchAndDevelopment": "None",
    "operatingExpenses": "40000000",
    "investmentIncomeNet": "None",
    "netInterestIncome": "-10000000",
    "interestIncome": "None",
    "interestExpense": "10000000",
    "nonInterestIncome": "1078000000",
    "otherNonOperatingIncome": "0",
    "depreciation": "None",
    "depreciationAndAmortization": "12000000",
    "incomeBeforeTax": "49000000",
    "incomeTaxExpense": "13000000",
    "interestAndDebtExpense": "10000000",
    "netIncomeFromContinuingOperations": "59000000",
    "comprehensiveIncomeNetOfTax": "36000000",
    "ebit": "59000000",
    "ebitda": "71000000",
    "netIncome": "36000000"
    },
    {
    "fiscalDateEnding": "2017-05-05",
    "reportedCurrency": "USD",
    "grossProfit": "96000000",
    "totalRevenue": "1103000000",
    "costOfRevenue": "1007000000",
    "costofGoodsAndServicesSold": "1007000000",
    "operatingIncome": "63000000",
    "sellingGeneralAndAdministrative": "33000000",
    "researchAndDevelopment": "None",
    "operatingExpenses": "43000000",
    "investmentIncomeNet": "None",
    "netInterestIncome": "-11000000",
    "interestIncome": "None",
    "interestExpense": "11000000",
    "nonInterestIncome": "1103000000",
    "otherNonOperatingIncome": "0",
    "depreciation": "None",
    "depreciationAndAmortization": "10000000",
    "incomeBeforeTax": "52000000",
    "incomeTaxExpense": "3000000",
    "interestAndDebtExpense": "11000000",
    "netIncomeFromContinuingOperations": "63000000",
    "comprehensiveIncomeNetOfTax": "50000000",
    "ebit": "63000000",
    "ebitda": "73000000",
    "netIncome": "49000000"
    },
    {
    "fiscalDateEnding": "2017-02-03",
    "reportedCurrency": "USD",
    "grossProfit": "105000000",
    "totalRevenue": "1024000000",
    "costOfRevenue": "919000000",
    "costofGoodsAndServicesSold": "919000000",
    "operatingIncome": "59000000",
    "sellingGeneralAndAdministrative": "36000000",
    "researchAndDevelopment": "4000000",
    "operatingExpenses": "63000000",
    "investmentIncomeNet": "None",
    "netInterestIncome": "-11000000",
    "interestIncome": "None",
    "interestExpense": "11000000",
    "nonInterestIncome": "-1000000",
    "otherNonOperatingIncome": "1000000",
    "depreciation": "None",
    "depreciationAndAmortization": "12000000",
    "incomeBeforeTax": "47000000",
    "incomeTaxExpense": "12000000",
    "interestAndDebtExpense": "11000000",
    "netIncomeFromContinuingOperations": "59000000",
    "comprehensiveIncomeNetOfTax": "36000000",
    "ebit": "58000000",
    "ebitda": "70000000",
    "netIncome": "35000000"
    },
    {
    "fiscalDateEnding": "2016-11-04",
    "reportedCurrency": "USD",
    "grossProfit": "112000000",
    "totalRevenue": "1112000000",
    "costOfRevenue": "1000000000",
    "costofGoodsAndServicesSold": "1000000000",
    "operatingIncome": "72000000",
    "sellingGeneralAndAdministrative": "40000000",
    "researchAndDevelopment": "None",
    "operatingExpenses": "40000000",
    "investmentIncomeNet": "None",
    "netInterestIncome": "-15000000",
    "interestIncome": "None",
    "interestExpense": "15000000",
    "nonInterestIncome": "None",
    "otherNonOperatingIncome": "0",
    "depreciation": "None",
    "depreciationAndAmortization": "13000000",
    "incomeBeforeTax": "58000000",
    "incomeTaxExpense": "17000000",
    "interestAndDebtExpense": "15000000",
    "netIncomeFromContinuingOperations": "74000000",
    "comprehensiveIncomeNetOfTax": "44000000",
    "ebit": "73000000",
    "ebitda": "86000000",
    "netIncome": "41000000"
    },
    {
    "fiscalDateEnding": "2016-08-05",
    "reportedCurrency": "USD",
    "grossProfit": "107000000",
    "totalRevenue": "1093000000",
    "costOfRevenue": "986000000",
    "costofGoodsAndServicesSold": "986000000",
    "operatingIncome": "68000000",
    "sellingGeneralAndAdministrative": "39000000",
    "researchAndDevelopment": "None",
    "operatingExpenses": "39000000",
    "investmentIncomeNet": "None",
    "netInterestIncome": "-12000000",
    "interestIncome": "None",
    "interestExpense": "12000000",
    "nonInterestIncome": "None",
    "otherNonOperatingIncome": "None",
    "depreciation": "None",
    "depreciationAndAmortization": "12000000",
    "incomeBeforeTax": "57000000",
    "incomeTaxExpense": "21000000",
    "interestAndDebtExpense": "12000000",
    "netIncomeFromContinuingOperations": "70000000",
    "comprehensiveIncomeNetOfTax": "37000000",
    "ebit": "69000000",
    "ebitda": "81000000",
    "netIncome": "36000000"
    },
    {
    "fiscalDateEnding": "2016-05-06",
    "reportedCurrency": "USD",
    "grossProfit": "115000000",
    "totalRevenue": "1213000000",
    "costOfRevenue": "1098000000",
    "costofGoodsAndServicesSold": "1098000000",
    "operatingIncome": "64000000",
    "sellingGeneralAndAdministrative": "51000000",
    "researchAndDevelopment": "None",
    "operatingExpenses": "67000000",
    "investmentIncomeNet": "None",
    "netInterestIncome": "-14000000",
    "interestIncome": "None",
    "interestExpense": "14000000",
    "nonInterestIncome": "None",
    "otherNonOperatingIncome": "None",
    "depreciation": "None",
    "depreciationAndAmortization": "16000000",
    "incomeBeforeTax": "50000000",
    "incomeTaxExpense": "19000000",
    "interestAndDebtExpense": "14000000",
    "netIncomeFromContinuingOperations": "66000000",
    "comprehensiveIncomeNetOfTax": "33000000",
    "ebit": "64000000",
    "ebitda": "80000000",
    "netIncome": "31000000"
    },
    {
    "fiscalDateEnding": "2016-01-29",
    "reportedCurrency": "USD",
    "grossProfit": "106000000",
    "totalRevenue": "1071000000",
    "costOfRevenue": "965000000",
    "costofGoodsAndServicesSold": "965000000",
    "operatingIncome": "54000000",
    "sellingGeneralAndAdministrative": "68000000",
    "researchAndDevelopment": "4000000",
    "operatingExpenses": "77000000",
    "investmentIncomeNet": "None",
    "netInterestIncome": "-13000000",
    "interestIncome": "None",
    "interestExpense": "13000000",
    "nonInterestIncome": "-1000000",
    "otherNonOperatingIncome": "None",
    "depreciation": "None",
    "depreciationAndAmortization": "20000000",
    "incomeBeforeTax": "41000000",
    "incomeTaxExpense": "13000000",
    "interestAndDebtExpense": "13000000",
    "netIncomeFromContinuingOperations": "54000000",
    "comprehensiveIncomeNetOfTax": "25000000",
    "ebit": "54000000",
    "ebitda": "74000000",
    "netIncome": "28000000"
    },
    {
    "fiscalDateEnding": "2015-10-30",
    "reportedCurrency": "USD",
    "grossProfit": "106000000",
    "totalRevenue": "1136000000",
    "costOfRevenue": "1030000000",
    "costofGoodsAndServicesSold": "1030000000",
    "operatingIncome": "64000000",
    "sellingGeneralAndAdministrative": "41000000",
    "researchAndDevelopment": "None",
    "operatingExpenses": "54000000",
    "investmentIncomeNet": "None",
    "netInterestIncome": "-14000000",
    "interestIncome": "None",
    "interestExpense": "14000000",
    "nonInterestIncome": "None",
    "otherNonOperatingIncome": "None",
    "depreciation": "None",
    "depreciationAndAmortization": "18000000",
    "incomeBeforeTax": "50000000",
    "incomeTaxExpense": "16000000",
    "interestAndDebtExpense": "14000000",
    "netIncomeFromContinuingOperations": "34000000",
    "comprehensiveIncomeNetOfTax": "32000000",
    "ebit": "64000000",
    "ebitda": "82000000",
    "netIncome": "34000000"
    },
    {
    "fiscalDateEnding": "2015-07-31",
    "reportedCurrency": "USD",
    "grossProfit": "113000000",
    "totalRevenue": "1099000000",
    "costOfRevenue": "986000000",
    "costofGoodsAndServicesSold": "986000000",
    "operatingIncome": "52000000",
    "sellingGeneralAndAdministrative": "49000000",
    "researchAndDevelopment": "None",
    "operatingExpenses": "72000000",
    "investmentIncomeNet": "None",
    "netInterestIncome": "-13000000",
    "interestIncome": "None",
    "interestExpense": "13000000",
    "nonInterestIncome": "None",
    "otherNonOperatingIncome": "None",
    "depreciation": "None",
    "depreciationAndAmortization": "19000000",
    "incomeBeforeTax": "39000000",
    "incomeTaxExpense": "17000000",
    "interestAndDebtExpense": "13000000",
    "netIncomeFromContinuingOperations": "22000000",
    "comprehensiveIncomeNetOfTax": "21000000",
    "ebit": "52000000",
    "ebitda": "71000000",
    "netIncome": "22000000"
    },
    {
    "fiscalDateEnding": "2015-05-01",
    "reportedCurrency": "USD",
    "grossProfit": "86000000",
    "totalRevenue": "1009000000",
    "costOfRevenue": "923000000",
    "costofGoodsAndServicesSold": "923000000",
    "operatingIncome": "57000000",
    "sellingGeneralAndAdministrative": "26000000",
    "researchAndDevelopment": "None",
    "operatingExpenses": "34000000",
    "investmentIncomeNet": "None",
    "netInterestIncome": "-4000000",
    "interestIncome": "None",
    "interestExpense": "4000000",
    "nonInterestIncome": "None",
    "otherNonOperatingIncome": "None",
    "depreciation": "None",
    "depreciationAndAmortization": "5000000",
    "incomeBeforeTax": "53000000",
    "incomeTaxExpense": "20000000",
    "interestAndDebtExpense": "4000000",
    "netIncomeFromContinuingOperations": "57000000",
    "comprehensiveIncomeNetOfTax": "35000000",
    "ebit": "57000000",
    "ebitda": "62000000",
    "netIncome": "33000000"
    },
    {
    "fiscalDateEnding": "2015-01-30",
    "reportedCurrency": "USD",
    "grossProfit": "47000000",
    "totalRevenue": "952000000",
    "costOfRevenue": "905000000",
    "costofGoodsAndServicesSold": "866000000",
    "operatingIncome": "59000000",
    "sellingGeneralAndAdministrative": "27000000",
    "researchAndDevelopment": "5000000",
    "operatingExpenses": "1000000",
    "investmentIncomeNet": "None",
    "netInterestIncome": "-4000000",
    "interestIncome": "None",
    "interestExpense": "4000000",
    "nonInterestIncome": "None",
    "otherNonOperatingIncome": "None",
    "depreciation": "None",
    "depreciationAndAmortization": "5000000",
    "incomeBeforeTax": "55000000",
    "incomeTaxExpense": "19000000",
    "interestAndDebtExpense": "4000000",
    "netIncomeFromContinuingOperations": "59000000",
    "comprehensiveIncomeNetOfTax": "33000000",
    "ebit": "59000000",
    "ebitda": "64000000",
    "netIncome": "36000000"
    },
    {
    "fiscalDateEnding": "2014-10-31",
    "reportedCurrency": "USD",
    "grossProfit": "98000000",
    "totalRevenue": "1004000000",
    "costOfRevenue": "906000000",
    "costofGoodsAndServicesSold": "917000000",
    "operatingIncome": "63000000",
    "sellingGeneralAndAdministrative": "24000000",
    "researchAndDevelopment": "None",
    "operatingExpenses": "24000000",
    "investmentIncomeNet": "None",
    "netInterestIncome": "-4000000",
    "interestIncome": "None",
    "interestExpense": "4000000",
    "nonInterestIncome": "None",
    "otherNonOperatingIncome": "None",
    "depreciation": "None",
    "depreciationAndAmortization": "6000000",
    "incomeBeforeTax": "59000000",
    "incomeTaxExpense": "22000000",
    "interestAndDebtExpense": "4000000",
    "netIncomeFromContinuingOperations": "37000000",
    "comprehensiveIncomeNetOfTax": "36000000",
    "ebit": "63000000",
    "ebitda": "69000000",
    "netIncome": "37000000"
    },
    {
    "fiscalDateEnding": "2014-08-01",
    "reportedCurrency": "USD",
    "grossProfit": "94000000",
    "totalRevenue": "952000000",
    "costOfRevenue": "858000000",
    "costofGoodsAndServicesSold": "871000000",
    "operatingIncome": "59000000",
    "sellingGeneralAndAdministrative": "22000000",
    "researchAndDevelopment": "None",
    "operatingExpenses": "22000000",
    "investmentIncomeNet": "None",
    "netInterestIncome": "-4000000",
    "interestIncome": "None",
    "interestExpense": "4000000",
    "nonInterestIncome": "None",
    "otherNonOperatingIncome": "None",
    "depreciation": "None",
    "depreciationAndAmortization": "5000000",
    "incomeBeforeTax": "55000000",
    "incomeTaxExpense": "21000000",
    "interestAndDebtExpense": "4000000",
    "netIncomeFromContinuingOperations": "59000000",
    "comprehensiveIncomeNetOfTax": "34000000",
    "ebit": "59000000",
    "ebitda": "64000000",
    "netIncome": "34000000"
    },
    {
    "fiscalDateEnding": "2014-05-02",
    "reportedCurrency": "USD",
    "grossProfit": "96000000",
    "totalRevenue": "977000000",
    "costOfRevenue": "881000000",
    "costofGoodsAndServicesSold": "896000000",
    "operatingIncome": "59000000",
    "sellingGeneralAndAdministrative": "22000000",
    "researchAndDevelopment": "None",
    "operatingExpenses": "27000000",
    "investmentIncomeNet": "None",
    "netInterestIncome": "-5000000",
    "interestIncome": "None",
    "interestExpense": "5000000",
    "nonInterestIncome": "None",
    "otherNonOperatingIncome": "None",
    "depreciation": "None",
    "depreciationAndAmortization": "5000000",
    "incomeBeforeTax": "54000000",
    "incomeTaxExpense": "20000000",
    "interestAndDebtExpense": "5000000",
    "netIncomeFromContinuingOperations": "59000000",
    "comprehensiveIncomeNetOfTax": "35000000",
    "ebit": "59000000",
    "ebitda": "64000000",
    "netIncome": "34000000"
    },
    {
    "fiscalDateEnding": "2014-01-31",
    "reportedCurrency": "USD",
    "grossProfit": "931000000",
    "totalRevenue": "941000000",
    "costOfRevenue": "10000000",
    "costofGoodsAndServicesSold": "861000000",
    "operatingIncome": "56000000",
    "sellingGeneralAndAdministrative": "23000000",
    "researchAndDevelopment": "4000000",
    "operatingExpenses": "77000000",
    "investmentIncomeNet": "None",
    "netInterestIncome": "-4000000",
    "interestIncome": "None",
    "interestExpense": "4000000",
    "nonInterestIncome": "None",
    "otherNonOperatingIncome": "None",
    "depreciation": "None",
    "depreciationAndAmortization": "3000000",
    "incomeBeforeTax": "63000000",
    "incomeTaxExpense": "19000000",
    "interestAndDebtExpense": "4000000",
    "netIncomeFromContinuingOperations": "56000000",
    "comprehensiveIncomeNetOfTax": "33000000",
    "ebit": "67000000",
    "ebitda": "70000000",
    "netIncome": "44000000"
    },
    {
    "fiscalDateEnding": "2013-11-01",
    "reportedCurrency": "USD",
    "grossProfit": "974000000",
    "totalRevenue": "1007000000",
    "costOfRevenue": "33000000",
    "costofGoodsAndServicesSold": "925000000",
    "operatingIncome": "37000000",
    "sellingGeneralAndAdministrative": "22000000",
    "researchAndDevelopment": "None",
    "operatingExpenses": "45000000",
    "investmentIncomeNet": "None",
    "netInterestIncome": "-3000000",
    "interestIncome": "None",
    "interestExpense": "3000000",
    "nonInterestIncome": "None",
    "otherNonOperatingIncome": "None",
    "depreciation": "None",
    "depreciationAndAmortization": "6000000",
    "incomeBeforeTax": "34000000",
    "incomeTaxExpense": "12000000",
    "interestAndDebtExpense": "3000000",
    "netIncomeFromContinuingOperations": "37000000",
    "comprehensiveIncomeNetOfTax": "20000000",
    "ebit": "37000000",
    "ebitda": "43000000",
    "netIncome": "22000000"
    },
    {
    "fiscalDateEnding": "2013-08-02",
    "reportedCurrency": "USD",
    "grossProfit": "74000000",
    "totalRevenue": "1034000000",
    "costOfRevenue": "960000000",
    "costofGoodsAndServicesSold": "2217000000",
    "operatingIncome": "38000000",
    "sellingGeneralAndAdministrative": "18000000",
    "researchAndDevelopment": "None",
    "operatingExpenses": "36000000",
    "investmentIncomeNet": "None",
    "netInterestIncome": "None",
    "interestIncome": "None",
    "interestExpense": "19000000",
    "nonInterestIncome": "None",
    "otherNonOperatingIncome": "None",
    "depreciation": "None",
    "depreciationAndAmortization": "1000000",
    "incomeBeforeTax": "38000000",
    "incomeTaxExpense": "13000000",
    "interestAndDebtExpense": "None",
    "netIncomeFromContinuingOperations": "38000000",
    "comprehensiveIncomeNetOfTax": "25000000",
    "ebit": "38000000",
    "ebitda": "39000000",
    "netIncome": "25000000"
    },
    {
    "fiscalDateEnding": "2013-05-03",
    "reportedCurrency": "USD",
    "grossProfit": "97000000",
    "totalRevenue": "1139000000",
    "costOfRevenue": "1042000000",
    "costofGoodsAndServicesSold": "2378000000",
    "operatingIncome": "52000000",
    "sellingGeneralAndAdministrative": "29000000",
    "researchAndDevelopment": "None",
    "operatingExpenses": "154000000",
    "investmentIncomeNet": "None",
    "netInterestIncome": "None",
    "interestIncome": "None",
    "interestExpense": "20000000",
    "nonInterestIncome": "None",
    "otherNonOperatingIncome": "None",
    "depreciation": "None",
    "depreciationAndAmortization": "3000000",
    "incomeBeforeTax": "52000000",
    "incomeTaxExpense": "19000000",
    "interestAndDebtExpense": "None",
    "netIncomeFromContinuingOperations": "None",
    "comprehensiveIncomeNetOfTax": "33000000",
    "ebit": "52000000",
    "ebitda": "55000000",
    "netIncome": "33000000"
    },
    {
    "fiscalDateEnding": "2013-01-31",
    "reportedCurrency": "USD",
    "grossProfit": "4371000000",
    "totalRevenue": "1155000000",
    "costOfRevenue": "-3216000000",
    "costofGoodsAndServicesSold": "2380000000",
    "operatingIncome": "61000000",
    "sellingGeneralAndAdministrative": "15000000",
    "researchAndDevelopment": "3000000",
    "operatingExpenses": "163000000",
    "investmentIncomeNet": "None",
    "netInterestIncome": "None",
    "interestIncome": "None",
    "interestExpense": "20000000",
    "nonInterestIncome": "None",
    "otherNonOperatingIncome": "None",
    "depreciation": "None",
    "depreciationAndAmortization": "3000000",
    "incomeBeforeTax": "61000000",
    "incomeTaxExpense": "18000000",
    "interestAndDebtExpense": "None",
    "netIncomeFromContinuingOperations": "None",
    "comprehensiveIncomeNetOfTax": "43000000",
    "ebit": "61000000",
    "ebitda": "64000000",
    "netIncome": "43000000"
    },
    {
    "fiscalDateEnding": "2012-10-31",
    "reportedCurrency": "USD",
    "grossProfit": "112000000",
    "totalRevenue": "1213000000",
    "costOfRevenue": "1101000000",
    "costofGoodsAndServicesSold": "2509000000",
    "operatingIncome": "73000000",
    "sellingGeneralAndAdministrative": "28000000",
    "researchAndDevelopment": "None",
    "operatingExpenses": "157000000",
    "investmentIncomeNet": "None",
    "netInterestIncome": "None",
    "interestIncome": "None",
    "interestExpense": "20000000",
    "nonInterestIncome": "None",
    "otherNonOperatingIncome": "None",
    "depreciation": "None",
    "depreciationAndAmortization": "3000000",
    "incomeBeforeTax": "73000000",
    "incomeTaxExpense": "28000000",
    "interestAndDebtExpense": "None",
    "netIncomeFromContinuingOperations": "None",
    "comprehensiveIncomeNetOfTax": "45000000",
    "ebit": "73000000",
    "ebitda": "76000000",
    "netIncome": "45000000"
    },
    {
    "fiscalDateEnding": "2012-07-31",
    "reportedCurrency": "USD",
    "grossProfit": "97000000",
    "totalRevenue": "1231000000",
    "costOfRevenue": "1134000000",
    "costofGoodsAndServicesSold": "2504000000",
    "operatingIncome": "62000000",
    "sellingGeneralAndAdministrative": "31000000",
    "researchAndDevelopment": "None",
    "operatingExpenses": "153000000",
    "investmentIncomeNet": "None",
    "netInterestIncome": "None",
    "interestIncome": "None",
    "interestExpense": "24000000",
    "nonInterestIncome": "None",
    "otherNonOperatingIncome": "None",
    "depreciation": "None",
    "depreciationAndAmortization": "28000000",
    "incomeBeforeTax": "62000000",
    "incomeTaxExpense": "24000000",
    "interestAndDebtExpense": "None",
    "netIncomeFromContinuingOperations": "None",
    "comprehensiveIncomeNetOfTax": "38000000",
    "ebit": "62000000",
    "ebitda": "225000000",
    "netIncome": "38000000"
    },
    {
    "fiscalDateEnding": "2012-04-30",
    "reportedCurrency": "USD",
    "grossProfit": "334000000",
    "totalRevenue": "1182000000",
    "costOfRevenue": "2448000000",
    "costofGoodsAndServicesSold": "2448000000",
    "operatingIncome": "85000000",
    "sellingGeneralAndAdministrative": "25000000",
    "researchAndDevelopment": "None",
    "operatingExpenses": "126000000",
    "investmentIncomeNet": "None",
    "netInterestIncome": "None",
    "interestIncome": "None",
    "interestExpense": "29000000",
    "nonInterestIncome": "None",
    "otherNonOperatingIncome": "None",
    "depreciation": "None",
    "depreciationAndAmortization": "27000000",
    "incomeBeforeTax": "183000000",
    "incomeTaxExpense": "66000000",
    "interestAndDebtExpense": "None",
    "netIncomeFromContinuingOperations": "None",
    "comprehensiveIncomeNetOfTax": "None",
    "ebit": "85000000",
    "ebitda": "239000000",
    "netIncome": "56000000"
    }
    ]
    }